<record xmlns="http://www.loc.gov/MARC21/slim" xmlns:xsi="http://www.w3.org/2001/XMLSchema-instance" xsi:schemaLocation="http://www.loc.gov/MARC21/slim http://www.loc.gov/standards/marcxml/schema/MARC21slim.xsd"><leader>01256nam a2200313   4500</leader><controlfield tag="001">3269990</controlfield><controlfield tag="003">NNC</controlfield><controlfield tag="006">m        d        </controlfield><controlfield tag="007">cr cn |||m|||a</controlfield><controlfield tag="008">150110s1897    le      o     000 0 ara d</controlfield><datafield ind1=" " ind2=" " tag="040"><subfield code="a">NNU</subfield><subfield code="b">eng</subfield><subfield code="c">NNU</subfield></datafield><datafield ind1="0" ind2="0" tag="245"><subfield code="a">Les poe&#769;tesses arabes</subfield><subfield code="h">[electronic resource] :</subfield><subfield code="b">[anteislam].</subfield></datafield><datafield ind1=" " ind2=" " tag="260"><subfield code="a">[Beyrouth,</subfield><subfield code="b">Cheikho,</subfield><subfield code="c">1897]</subfield></datafield><datafield ind1=" " ind2=" " tag="300"><subfield code="a">online resource (pt. 1 (2 p.l., 157 p.))</subfield></datafield><datafield ind1=" " ind2=" " tag="500"><subfield code="a">Cover-title.</subfield></datafield><datafield ind1=" " ind2=" " tag="500"><subfield code="a">Part of the Arabic Collections Online (ACO) project, contributed by Columbia University Libraries.</subfield></datafield><datafield ind1=" " ind2=" " tag="533"><subfield code="a">Electronic reproduction.</subfield><subfield code="b">New York, N.Y. :</subfield><subfield code="c">New York University,</subfield><subfield code="d">2015.</subfield><subfield code="5">NNU</subfield></datafield><datafield ind1=" " ind2=" " tag="546"><subfield code="a">Arabic text.</subfield></datafield><datafield ind1=" " ind2=" " tag="500"><subfield code="a">Added title-page in Arabic.</subfield></datafield><datafield ind1=" " ind2=" " tag="515"><subfield code="a">No more published.</subfield></datafield><datafield ind1=" " ind2="0" tag="650"><subfield code="a">Arabic poetry.</subfield></datafield><datafield ind1=" " ind2="7" tag="650"><subfield code="a">Arabic poetry.</subfield><subfield code="2">fast</subfield><subfield code="0">(OCoLC)fst00812533</subfield></datafield><datafield ind1="2" ind2=" " tag="710"><subfield code="a">Columbia University.</subfield><subfield code="b">Libraries.</subfield></datafield><datafield ind1="0" ind2=" " tag="730"><subfield code="a">Arabic Collections Online.</subfield></datafield><datafield ind1="0" ind2="8" tag="776"><subfield code="i">Online version:</subfield><subfield code="t">Les poe&#769;tesses arabes.</subfield><subfield code="d">[Beyrouth, Cheikho, 1897]</subfield><subfield code="w">(OCoLC)655705266</subfield></datafield><datafield ind1="0" ind2="8" tag="776"><subfield code="i">Print version:</subfield><subfield code="t">Les poe&#769;tesses arabes</subfield><subfield code="w">(NNC)3269990</subfield><subfield code="w">(OCoLC)49675568</subfield></datafield><datafield ind1="4" ind2="0" tag="856"><subfield code="u">http://hdl.handle.net/2333.1/m905qhqq</subfield></datafield><datafield ind1=" " ind2=" " tag="959"><subfield code="a">NNU</subfield><subfield code="b">WEB</subfield><subfield code="c">GENI</subfield><subfield code="t">0</subfield><subfield code="m">Electronic access</subfield><subfield code="s">01</subfield></datafield><datafield ind1=" " ind2=" " tag="999"><subfield code="i">NNC_3269990</subfield><subfield code="o">(OCoLC)49675568</subfield><subfield code="e">OK</subfield></datafield></record>